<?xml version="1.0" encoding="UTF-8"?>
<record xmlns="http://www.loc.gov/MARC21/slim" xmlns:xsi="http://www.w3.org/2001/XMLSchema-instance" xsi:schemaLocation="http://www.loc.gov/MARC21/slim http://www.loc.gov/standards/marcxml/schema/MARC21slim.xsd">
<leader>     nam a2200289 a 4500</leader>
<controlfield tag="001">002305616</controlfield>
<controlfield tag="003">NNU</controlfield>
<controlfield tag="005">20061010172717.0</controlfield>
<controlfield tag="008">960222s1926    ua           f000 0 ara</controlfield>
<datafield tag="010" ind1=" " ind2=" ">
<subfield code="a">ne 65001550</subfield>
</datafield>
<datafield tag="035" ind1="9" ind2=" ">
<subfield code="a">(hslkohaq)000026355</subfield>
</datafield>
<datafield tag="035" ind1="9" ind2=" ">
<subfield code="a">(NNUMk)30521</subfield>
</datafield>
<datafield tag="035" ind1="9" ind2=" ">
<subfield code="a">NYUb11412883</subfield>
</datafield>
<datafield tag="035" ind1=" " ind2=" ">
<subfield code="a">(CStRLIN)NYUG96-B568</subfield>
</datafield>
<datafield tag="040" ind1=" " ind2=" ">
<subfield code="a">DLC</subfield>
<subfield code="c">InU</subfield>
<subfield code="d">InU</subfield>
<subfield code="d">*m/c*</subfield>
<subfield code="d">CU</subfield>
<subfield code="d">CStRLIN</subfield>
<subfield code="d">NNU</subfield>
</datafield>
<datafield tag="050" ind1="0" ind2=" ">
<subfield code="a">PJ7541</subfield>
<subfield code="b">.T3 1926</subfield>
</datafield>
<datafield tag="066" ind1=" " ind2=" ">
<subfield code="c">(3</subfield>
</datafield>
<datafield tag="090" ind1=" " ind2=" ">
<subfield code="a">RM849</subfield>
<subfield code="b">.I55 1964</subfield>
</datafield>
<datafield tag="090" ind1=" " ind2=" ">
<subfield code="a">PJ7541</subfield>
<subfield code="b">.T3 1926</subfield>
</datafield>
<datafield tag="100" ind1="1" ind2=" ">
<subfield code="a">Ḥusayn, Ṭāhā,</subfield>
<subfield code="d">1889-1973</subfield>
<subfield code="6">880-01</subfield>
</datafield>
<datafield tag="245" ind1="1" ind2="0">
<subfield code="6">880-02</subfield>
<subfield code="a">Fī al-shiʻr al-Jāhilī /</subfield>
<subfield code="c">taʼlīf Ṭāhā Ḥusayn.</subfield>
</datafield>
<datafield tag="250" ind1=" " ind2=" ">
<subfield code="6">880-03</subfield>
<subfield code="a">al-Ṭabʻah 1.</subfield>
</datafield>
<datafield tag="260" ind1=" " ind2=" ">
<subfield code="6">880-04</subfield>
<subfield code="a">al-Qāhirah :</subfield>
<subfield code="b">Maṭbaʻat Dār al-Kutub al-Miṣrīyah,</subfield>
<subfield code="c">1926.</subfield>
</datafield>
<datafield tag="300" ind1=" " ind2=" ">
<subfield code="a">183 p. ;</subfield>
<subfield code="c">21 cm.</subfield>
</datafield>
<datafield tag="500" ind1=" " ind2=" ">
<subfield code="a">Photocopy reprint.</subfield>
</datafield>
<datafield tag="650" ind1=" " ind2="0">
<subfield code="a">Arabic poetry</subfield>
<subfield code="y">To 622</subfield>
<subfield code="x">History and criticism.</subfield>
</datafield>
<datafield tag="880" ind1="0" ind2=" ">
<subfield code="6">100-01/</subfield>
<subfield code="a">طه حسين.</subfield>
</datafield>
<datafield tag="880" ind1="1" ind2="0">
<subfield code="6">245-02/</subfield>
<subfield code="a">فى الشعر الجاهلى /</subfield>
<subfield code="c">تأليف طه حسين.</subfield>
</datafield>
<datafield tag="880" ind1=" " ind2=" ">
<subfield code="6">250-03/</subfield>
<subfield code="a">الطبعة ١.</subfield>
</datafield>
<datafield tag="880" ind1=" " ind2=" ">
<subfield code="6">260-04/</subfield>
<subfield code="a">القاهرة :</subfield>
<subfield code="b">مطبعة دار الكتب المصرية،</subfield>
<subfield code="c">١٩٢٦.</subfield>
</datafield>
<datafield tag="OWN" ind1=" " ind2=" ">
<subfield code="a">GENERAL</subfield>
</datafield>
<datafield tag="952" ind1=" " ind2=" ">
<subfield code="4">0</subfield>
<subfield code="#">122446</subfield>
<subfield code="0">0</subfield>
<subfield code="6">RM_00849_I55_1964</subfield>
<subfield code="9">175133</subfield>
<subfield code="m">0</subfield>
<subfield code="1">2</subfield>
<subfield code="o">RM849.I55 1964</subfield>
<subfield code="d">1992-01-15</subfield>
<subfield code="8">BOOK</subfield>
<subfield code="7">0</subfield>
<subfield code="c">BOOK</subfield>
<subfield code="y">GEN</subfield>
<subfield code="a">ENV</subfield>
<subfield code="l">0</subfield>
</datafield>
<datafield tag="998" ind1=" " ind2=" ">
<subfield code="a">19960222</subfield>
<subfield code="d">19960222</subfield>
<subfield code="d">20010918</subfield>
<subfield code="n">NNU</subfield>
<subfield code="s">1</subfield>
<subfield code="t">c</subfield>
<subfield code="z">e</subfield>
</datafield>
<datafield tag="AVA" ind1=" " ind2=" ">
<subfield code="a">NYU50</subfield>
<subfield code="b">BOBST</subfield>
<subfield code="c">Main Collection</subfield>
<subfield code="d">PJ7541 .T3 1926</subfield>
<subfield code="e">unavailable</subfield>
<subfield code="t">Unavailable</subfield>
<subfield code="f">1</subfield>
<subfield code="g">1</subfield>
<subfield code="h">N</subfield>
<subfield code="i">1</subfield>
<subfield code="j">MAIN</subfield>
</datafield>
<datafield tag="AVA" ind1=" " ind2=" ">
<subfield code="a">NYU50</subfield>
<subfield code="b">NHENV</subfield>
<subfield code="c">Main Collection</subfield>
<subfield code="d">RM849 .I55 1964</subfield>
<subfield code="e">available</subfield>
<subfield code="t">Available</subfield>
<subfield code="f">1</subfield>
<subfield code="g">0</subfield>
<subfield code="h">N</subfield>
<subfield code="i">0</subfield>
<subfield code="j">MAIN</subfield>
</datafield>
</record>
